@article{lagerwaard2021,
    author =        {Lagerwaard, B. and Janssen, J.J.E. and Cuijpers, I. and Keijer, J. and de Boer, V.C.J. and Nieuwenhuizen, A.G.},
    title =         {Muscle mitochondrial capacity in high- and low-fitness females using near-infrared spectroscopy},
    journal =       {Physiological Reports},
    year =          {2021},
    volume =        {9},
    number =        {9},
    pages =         {e14838},
    doi =           {10.14814/phy2.14838 },
    note = {}
}

@article{lee2004,
  author = {Lee, Seong-Ho},
  title = {Reducing the effects of ambient noise light in an indoor optical wireless system using polarizers},
  journal = {Microwave and Optical Technology Letters},
  volume = {40},
  number = {3},
  year = {2004}
}

@article{leproux2017,
  author = {Leproux, A. and O'Sullivan, T. D. and Cerussi, A. and Durkin, A. and Hill, B. and Hylton, N. and Yodh, A. G. and Carp, S. A. and Boas, D. and Jiang, S. and Paulsen, K. D. and Pogue, B. and Roblyer, D. and Yang, W. and Tromberg, B. J.},
  title = {Performance assessment of diffuse optical spectroscopic imaging instruments in a 2-year multicenter breast cancer trial},
  year = {2017},
  journal = {Journal of Biomedical Optics},
  volume = {22},
  number = {12},
  pages = {121604},
  doi = {10.1117/1.JBO.22.12.12604},
  note = {\\
  Applications of diffuse optical spectroscopic imaging (DOSI): monitoring chemotherapy, assessing breast density, identifying tumors in breast tissue, differential diagnosis. Testing calibration of DOSI by calculating scattering coefficients on various phantoms and defining calibration procedures.
  \\
  }
}


