@article{izzetoglu2010,
  author = {Izzetoglu, Meltem and Chitrapu, Prabhakar and Bunce, Scott and Onaral, Banu},
  title = {Motion artifact cancellation in NIR spectroscopy using discrete Kalman filtering},
  journal = {BioMedical Engineering OnLine},
  year = {2010},
  volume = {9},
  number = {16}
}
