@article{reinpold2023,
  author = {Reinpold, Karmen and Rannama, Indrek},
  title = {Oxygen Uptake and Bilaterally Measured Vastus Lateralis Muscle Oxygen Desaturation Kinetics in Well-Trained Endurance Cyclists},
  journal = {Journal of Functional Morphology and Kinesiology},
  year = {2023},
  volume = {8},
  number = {64},
  doi = {10.3390/jfmk8020064},
  note = {\\
  }
}
