@article{westfall2014,
    author = {Westfall, Jacob and Kenny, David A. and Judd, Charles M.},
    title = {Statistical Power and Optimal Design in Experiments in Which Samples of Participants Respond to Samples of Stimuli},
    year = {2014},
    journal = {Journal of Experimental Psychology: General},
    volume = {143},
    number = {5},
    pages = {2020--2045},
    doi = {10.1037/xge0000014},
	  annote = 	{
}
}
