@article{vanhoof2022,
    author =        {van Hoof, M. and Meijer, E.J. and Scheltinga, M.R.M. and Savelberg, H.H.C.M. and Schep, G.},
    title =         {Test-retest reliability of skeletal muscle oxygenation measurements using near-infrared spectroscopy during exercise in patients with sport-related iliac artery flow limitation},
    journal =       {Clinical Physiology and Functional Imaging},
    year =          {2022},
    volume =        {42},
    number =        {2},
    pages =         {114--126},
    doi =           {10.1111/cpf.12738}
}

@article{veesa2019,
  author = {Veesa, Joshua D. and Dehghani, Hamid},
  title = {Functional near-infrared spectroscopy using spatially resolved data to account for tissue scattering: A numerical study and arm-cuff experiment},
  year = {2019},
  journal = {Journal of Biophotonics},
  doi = {10.1002/jbio.201900064}
}
