@article{jack2014,
  author = {Jack, S. and West, M. A. and Raw, D. and Marwood, S. and Ambler, G. and Cope, T. M. and Shrotri, M. and Sturgess, R. P. and Calverley, P. M. A. and Ottensmeier, C. H. and Grocott, M. P. W.},
  title = {The effect of neoadjuvant chemotherapy on physical fitness and survival in patients undergoins oesophagogastric cancer surgery},
  year = {2014},
  journal = {EJSO},
  volume = {40},
  pages = {1313--1320},
  doi = {10.1016/j.ejso.2014.03.010}
}
