@article{tuesta2022,
  author = {Marcelo Tuesta and Rodrigo Yanez-Sepulveda and Humberto Verdugo-Marchese and Cristian Mateluna and Ildefonso Alvear-Ordenes},
  title = {Near-Infrared Spectroscopy Used to Assess Physiological Muscle Adaptations in Exercise Clinical Trials: A Systemic Review},
  year = {2022},
  journal = {Biology},
  volume = {11},
  pages = {1073},
  doi = {10.3390/biology11071073},
  note = {\\
  Focused review on use of NIRS in clinical trials with an exercise intervention.
  \\}
}
