@article{amireault2015a,
    author = {Amireault, Steve and Godin, Gaston and Lacombe, Jason and Sabiston, Catherine M.},
    title = {The use of the Godin-Shephard Leisure-Time Physical Activity Questionnaire in oncology research: A systematic review},
    year = {2015},
    journal = {BMC Medical Research Methodology},
    volume = {15},
    number = {60},
    doi = {10.1186/s12874-015-0045-7}
}

@article{amireault2015b,
    author = {Steve Amireault and Gaston Godin},
    title = {The Godin-Shephard Leisure-Time Physical Activity Questionnaire: Validity Evidence Supporting its Use for Classifying Healthy Adults into Active and Insufficiently Active Categories},
    year = {2015},
    journal = {Perceptual and Motor Skills},
    year = {2015},
    volume = {120},
    number = {2},
    pages = {604--620},
    doi = {10.2466/03.27.PMS.120v19x7},
    note = {\\TODO\\}
}

@article{azevedo2022,
author = {Rafael de Alemeida Azevedo and Jonas Forot and Guillaume Millet and Juan Murias},
title = {Comparing muscle VO2 from near-infrared spectroscopy desaturation rate to pulmonary VO2 during cycling below, at, and above the maximum lactate steady state},
journal = {Journal of Applied Physiology},
year = {2022},
volume = {132},
pages = {641--652},
doi = {10.1152/japplphysiol.00754.2021},
note = {\\TODO\\}}















