@article{farzam2018,
  author = {Farzam, P. and Starkweather, Z. and Franceschini, M. A},
  title = {Validation of a novel wearable, wireless technology to estimate oxygen levels and lactate threshold power in the exercising muscle},
  journal = {Physiological Reports},
  year = {2018},
  volume = {6},
  number = {7},
  pages = {e13664},
  doi = {10.14814/phy2.13664}
}

@article{feldmann2022,
  author = {Feldmann, Andri and Ammann, Linda and Gachter, Flurin and Ziburg, Marc and Erlacher, Daniel},
  title = {Muscle Oxygen Saturation Breakpoints Reflect Ventilatory Thresholds in Both Cycling and Running},
  year = {2022},
  journal = {Journal of Human Kinetics},
  volume = {83},
  pages = {87--97},
  doi = {10.247B/hukin-2022-0054},
  note = {\\TODO\\}
}

@article{feng2020,
  author = {Feng, Li Rebekah and Wolff, Brian S. and Liwang, Josephine and Regan, Jeniece M. and Alshawi, Sarah and Raheem, Sumiyya and Saligan, Leorey N.},
  title = {Cancer-related fatigue during combined treatment of androgen deprivation therapy and radiotherapy is associated with mitochondrial dysfunction},
  journal = {International Journal of Molecular Medicine},
  year = {2020},
  volume = {45},
  pages= {485--496},
  doi = {10.3892/ijmm.2019.4435}
}

@article{ferreira2007,
  author = {Ferreira, Leonardo F. and Hueber, Dennis M. and Barstow, Thomas J.},
  title = {Effects of assuming constant optical scattering on measurements of muscle oxygenation by near-infrared spectroscopy during exercise},
  year = {2007},
  journal = {Journal of Applied Physiology},
  volume = {102},
  pages = {358--367},
  doi = {10.1152/japplphysiol.00920.2005}
}

@article{fluck2003,
  author = {Fluck, R. R. and Schroeder Jr., C. and Frani, G. and Kropf, B. and Engbretson, B. },
  title = {Does ambient light affect the accuracy of pulse oximetry?},
  year = {2003},
  journal = {Respiratory Care},
  volume = {48},
  number = {7},
  pages = {677--680},
  note = {\\
    fingertip pulse oximeter, not NIRS
    \\}
}

@article{foulkes2019,
  author ={Foulkes, Stephen J. and Howden, Erin J. and Bigaran, Ashley and Janssens, Kristel and Antill, Yoland and Loi, Sherene and Claus, Piet and Haykowsky, Mark J. and Daly, Robin M. and Fraser, Steve F. and La Gerche, Andre},
  title = {Persistent impairment in cardiopulmonary fitness after breast cancer chemotherapy},
  year = {2019},
  journal = {Medicine and Science in Sports and Exercise},
  volume = {51},
  number = {8},
  pages = {1573--1581},
  doi = {10.1249/MSS.0000000000001970}
}
