@article{yang2005,
  author = {Yang, Ye and Soyemi, Olusola O. and Landry, Michelle R. and Soller, Babs R.},
  title = {Influence of a fat layer on the near infrared spectra of human muscle: quantitative analysis based on two-layered Monte Carlo simulations and phantom experiments},
  journal = {Optics Express},
  year = {2005},
  volume = {13},
  number = {5}
}

@article{yang2007,
  author = {Yang, Ye and Soyemi, Olusola O. and Scott, Peter J. and Landry, Michelle R. and Lee, Stuart M. C. and Stroud, Leah and Soller, Babs R.},
  title = {Quantitative measurement of muscle oxygen saturation without influence from skin and fat using continuous-wave near infrared spectroscopy},
  journal = {Optics Express},
  volume = {15},
  number = {21},
  year = {2007}
}

@article{Zuccarelli2020,
  author = {Zuccarelli, Lucrezia and Salvador, Paulo Cesar do Nascimento and Del Torto, Alessio and Fiorentino, Riccardo and Grassi, Bruno},
  title = {Skeletal muscle Vo2 kinetics by the NIRS repeated occlusions method during the recovery from cycle ergometer exercise},
  journal = {Journal of Applied Physiology},
  year = {2020},
  volume = {128},
  pages = {534--544},
  doi = {10.1152/japplphysiol.00580.2019}
}



